@book{cichosz2000systemy,
  title={Systemy ucz{\k{a}}ce si{\k{e}}},
  author={Cichosz, P.},
  year={2000},
  publisher={Wydawnictwa Naukowo-Techniczne}
}

@misc{Frank+Asuncion:2010,
	author = "A. Frank and A. Asuncion",
	year = "2010",
	title = "{UCI} Machine Learning Repository",
	url = "http://archive.ics.uci.edu/ml",
	howpublished = "\url{http://archive.ics.uci.edu/ml}",
	institution = "University of California, Irvine, School of Information and Computer Sciences"
} 

@misc{Gas:2012,
	author = "Alexander Vergara and Shankar Vembu and Tuba Ayhan and Margaret A. Ryan and Margie L. Homer and Ram√≥n Huerta",
	year = "2012",
	title = "Chemical gas sensor drift compensation using classifier ensembles, Sensors and Actuators B: Chemical (2012) doi: 10.1016/j.snb.2012.01.074. ",
	howpublished = "\url{http://archive.ics.uci.edu/ml/datasets/Gas+Sensor+Array+Drift+Dataset}",
	url = "http://archive.ics.uci.edu/ml/datasets/Gas+Sensor+Array+Drift+Dataset"
}

@misc{Google:rstyle,
	title ="Google's {R} Style Guide",
	howpublished = "\url{http://google-styleguide.googlecode.com/svn/trunk/google-r-style.html}"
}
